@BOOK{Anderson,
  title     = "Fundamentals of aerodynamics",
  author    = "Anderson, John David",
  publisher = "McGraw-Hill Professional",
  series    = "Anderson series",
  edition   =  5,
  month     =  feb,
  year      =  2010,
  address   = "New York, NY",
  language  = "en"
},

@inproceedings{Jacobs1932TheCO,
  title={The characteristics of 78 related airfoil sections from tests in the variable-density wind tunnel},
  author={Eastman N. Jacobs and Kenneth E. Ward and Robert M. Pinkerton},
  year={1932}
},

@BOOK{errores,
  title     = "Data reduction and error analysis for the physical sciences",
  author    = "Bevington, Philip R and Robinson, D Keith",
  publisher = "McGraw-Hill Professional",
  edition   =  3,
  month     =  aug,
  year      =  2002,
  address   = "New York, NY",
  language  = "en"
}
